@inproceedings{conf/cardis/LanetBLCMMF14,
  author = {Jean{-}Louis Lanet and Guillaume Bouffard and Rokia
                  Lamrani and Ranim Chakra and Afef Mestiri and Mohammed
                  Monsif and Abdellatif Fandi},
  title = {Memory Forensics of a Java Card Dump},
  booktitle = {Smart Card Research and Advanced Applications - 13th
                  International Conference, {CARDIS} 2014, Paris, France,
                  November 5-7, 2014. Revised Selected Papers},
  pages = {3--17},
  year = {2014},
  doi = {10.1007/978-3-319-16763-3_1},
  language = {english},
  abstract = {Nowadays several papers have shown the ability to dump the
                  EEPROM area of several Java Cards leading to the
                  disclosure of already loaded applet and data structure of
                  the card. Such a reverse engineering process is costly and
                  prone to errors. Currently no tool are available to help
                  this process. We propose here an approach to find in the
                  raw data obtained after a dump, the area containing the
                  code and the data. Then, once the code area has been
                  identified, we propose to rebuilt the original binary Cap
                  file in order to be able to obtain the source code of the
                  applet stored in the card.},
  editor = {Marc Joye and Amir Moradi},
  booktitle = {Smart Card Research and Advanced Applications - 13th
                  International Conference, {CARDIS} 2014, Paris, France,
                  November 5-7, 2014. Revised Selected Papers},
  series = {Lecture Notes in Computer Science},
  volume = {8968},
  publisher = {Springer},
  year = {2015},
  isbn = {978-3-319-16762-6}
}

@inproceedings{Conti:2008:VRE:1431913.1431914,
 author = {Conti, Gregory and Dean, Erik and Sinda, Matthew and Sangster, Benjamin},
 title = {Visual Reverse Engineering of Binary and Data Files},
 booktitle = {Proceedings of the 5th International Workshop on Visualization for Computer Security},
 series = {VizSec '08},
 year = {2008},
 isbn = {978-3-540-85931-4},
 location = {Cambridge, MA, USA},
 pages = {1--17},
 numpages = {17},
 url = {http://dx.doi.org/10.1007/978-3-540-85933-8_1},
 doi = {10.1007/978-3-540-85933-8_1},
 acmid = {1431914},
 publisher = {Springer-Verlag},
 address = {Berlin, Heidelberg},
} 
@article{DBLP:journals/corr/abs-0909-2103,
  author    = {Samia Bouzefrane and
               Julien Cordry and
               Pierre Paradinas},
  title     = {{MESURE} Tool to benchmark Java Card platforms},
  journal   = {CoRR},
  volume    = {abs/0909.2103},
  year      = {2009},
  url       = {http://arxiv.org/abs/0909.2103},
  timestamp = {Mon, 05 Dec 2011 18:04:58 +0100},
  biburl    = {http://dblp.uni-trier.de/rec/bib/journals/corr/abs-0909-2103},
  bibsource = {dblp computer science bibliography, http://dblp.org}
}
@book{biostatistics,
    author    = "Harvey Motulsky",
    title     = "Intuitive Biostatistics",
    year      = "2013"
}

@inproceedings{MostowskiP08,
  author    = {Wojciech Mostowski and
               Erik Poll},
  title     = {Malicious Code on Java Card Smartcards: Attacks and Countermeasures},
  booktitle = {Smart Card Research and Advanced Applications, 8th {IFIP} {WG} 8.8/11.2
               International Conference, {CARDIS} 2008, London, UK, September 8-11,
               2008. Proceedings},
  pages     = {1--16},
  year      = {2008},
  crossref  = {DBLP:conf/cardis/2008},
  url       = {http://dx.doi.org/10.1007/978-3-540-85893-5_1},
  doi       = {10.1007/978-3-540-85893-5_1},
  timestamp = {Fri, 05 Sep 2008 08:45:01 +0200},
  biburl    = {http://dblp.uni-trier.de/rec/bib/conf/cardis/MostowskiP08},
  bibsource = {dblp computer science bibliography, http://dblp.org}
}

@inproceedings{Witteman,
    author = {Marc Witteman},
    title = {Java Card Security},
    booktitle = {Information Security Bulletin},
    pages = {291--298},
    year = {2003}
}

@incollection{BouffardForensic,
year={2015},
isbn={978-3-319-16762-6},
booktitle={Smart Card Research and Advanced Applications},
volume={8968},
series={Lecture Notes in Computer Science},
editor={Joye, Marc and Moradi, Amir},
doi={10.1007/978-3-319-16763-3_1},
title={Memory Forensics of a Java Card Dump},
url={http://dx.doi.org/10.1007/978-3-319-16763-3_1},
publisher={Springer International Publishing},
keywords={Java card; Memory forensics; Reverse engineering; Disassembler; Index of coincidence},
author={Lanet, Jean-Louis and Bouffard, Guillaume and Lamrani, Rokia and Chakra, Ranim and Mestiri, Afef and Monsif, Mohammed and Fandi, Abdellatif},
pages={3-17},
language={English}
}

@misc{oraclespec3,
    author={Oracle},
    title={Java Card 3 Platform , Virtual Machine Specification, Classic Edition},
    month={September},
    year={2011},
}
@misc{barbuthesis,
    author={Barbu Guillaume},
    title={On the Security of Java Card Platforms Against Hardware Attacks. Ph.D. thesis, TELECOM
        ParisTech},
    year={2012},
}
@incollection{dynamicsyntax,
    year={2012},
    booktitle={Recent Trends in Computer Networks and Distributed Systems Security},
    volume={335},
    title={A Dynamic Sytntax Interpretation for Java Based Smart Card to Mitigate Logical Attacks},
    author={Razafindralambon Tiana and Bouffard, Guillaume and Thampi, BhagyalekshmyN, and Lanet,
        Jean-Louis},
    pages={185-194},
}
@incollection{heaphop,
year={2015},
isbn={978-3-319-16762-6},
booktitle={Smart Card Research and Advanced Applications},
volume={8968},
series={Lecture Notes in Computer Science},
editor={Joye, Marc and Moradi, Amir},
doi={10.1007/978-3-319-16763-3_2},
title={Heap \ldots  Hop! Heap Is Also Vulnerable},
url={http://dx.doi.org/10.1007/978-3-319-16763-3_2},
publisher={Springer International Publishing},
keywords={Java Card; Logical attack; Transient persistent heap; Counter measures},
author={Bouffard, Guillaume and Lackner, Michael and Lanet, Jean-Louis and Loinig, Johannes},
pages={18-31},
language={English}
}
@inproceedings{barbu1,
  TITLE = {{Synchronized Attacks on Multithreaded Systems - Application to Java Card 3.0}},
  AUTHOR = {Barbu, Guillaume and Thiebeauld, Hugues},
  URL = {https://hal.archives-ouvertes.fr/hal-00692172},
  BOOKTITLE = {{Smart Card Research and Advanced Applications: 10th IFIP WG 8.8/11.2 International Conference, CARDIS 2011}},
  ADDRESS = {Leuven, Belgium},
  EDITOR = {Emmanuel Prouff},
  PUBLISHER = {{Springer}},
  SERIES = {Lecture Notes in Computer Science / Security \& Cryptology},
  VOLUME = {7079},
  PAGES = {18-33},
  YEAR = {2011},
  MONTH = Sep,
  DOI = {10.1007/978-3-642-27257-8\_2},
  KEYWORDS = {Fault Injection ; Logical Attack ; Multithreading ; Network Flooding ; Java Card 3 ; Technological Convergence},
  PDF = {https://hal.archives-ouvertes.fr/hal-00692172/file/multithreading.pdf},
  HAL_ID = {hal-00692172},
  HAL_VERSION = {v1},
}
@inproceedings{bouffard1,
  TITLE = {{Combined Software and Hardware Attacks on the Java Card Control Flow}},
  AUTHOR = {Bouffard, Guillaume and Iguchi-Cartigny, Julien and Lanet, Jean-Louis},
  URL = {https://hal.archives-ouvertes.fr/hal-00684616},
  BOOKTITLE = {{Cardis 2011}},
  ADDRESS = {Leuven, Belgium},
  EDITOR = {E. Prou},
  PUBLISHER = {{Springer}},
  SERIES = {Lecture Notes in Computer Science},
  VOLUME = {7079},
  PAGES = {283-296},
  YEAR = {2011},
  MONTH = Sep,
  DOI = {10.1007/978-3-642-27257-8\_18},
  KEYWORDS = {Java Card Stack ; attack ; laser ; Java Card ; control flow},
  HAL_ID = {hal-00684616},
  HAL_VERSION = {v1},
}

@inproceedings{cardis15,
  TITLE = {{Misuse of Frame Creation to Exploit Stack Underflow Attacks}},
  AUTHOR = {Benoit, Laugier and Tiana, Razafindralambo},
  BOOKTITLE = {{Cardis 2015}},
  YEAR = {2015},
  MONTH = Nov
}

@inproceedings{conf/cardis/BouffardLLL14,
  author = {Bouffard, Guillaume and Lackner, Michael and Lanet, Jean{-}Louis and Loinig, Johannes},
  title = {Heap ... Hop! Heap Is Also Vulnerable},
  booktitle = {Smart Card Research and Advanced Applications - 13th
                    International Conference, {CARDIS} 2014, Paris, France,
                    November 5-7, 2014. Revised Selected Papers},
  pages = {18--31},
  year = {2014},
  editor = {Joye, Marc and Moradi, Amir},
  series = {Lecture Notes in Computer Science},
  volume = {8968},
  publisher = {Springer},
  doi = {10.1007/978-3-319-16763-3_2},
  language = {en}
}
@inproceedings{conf/crisis/BouffardKLKS13,
  author = {Bouffard, Guillaume and Khefif, Tom and Lanet, Jean{-}Louis and Kane, Ismael and Salvia, Sergio Casanova},
  title = {Accessing secure information using export file
                    fraudulence},
  booktitle = {2013 International Conference on Risks and Security of
                    Internet and Systems (CRiSIS), La Rochelle, France,
                    October 23-25, 2013},
  pages = {1--5},
  year = {2013},
  doi = {10.1109/CRiSIS.2013.6766346},
  editor = {Crispo, Bruno and Sandhu, Ravi S. and Cuppens{-}Boulahia, Nora and Conti, Mauro and Lanet, Jean{-}Louis},
  publisher = {{IEEE}},
  language = {en}
}

@article{conf/invited/RazafindralamboBICL12,
  author = {Razafindralambo, Tiana and Bouffard, Guillaume and Iguchi-Cartigny, Julien and Lanet, Jean-Louis},
  month = may,
  title = {Smart Card Attacks: Enter the matrix},
  journal = {S\'{e}curit\'{e} des syst\`{e}mes Embarqu\'{e}s du GDR
                    SoC-SiP},
  year = {2012},
  url = {http://www2.lirmm.fr/journees_securite/journee6.php},
  language = {en}
}
 
@inproceedings{conf/cardis/MostowskiP08,
  added-at = {2008-09-05T00:00:00.000+0200},
  author = {Mostowski, Wojciech and Poll, Erik},
  biburl = {http://www.bibsonomy.org/bibtex/28a26f26c53632bbd3506f117e452a2cb/dblp},
  booktitle = {CARDIS},
  crossref = {conf/cardis/2008},
  date = {2008-09-05},
  description = {dblp},
  editor = {Grimaud, Gilles and Standaert, Fran√ßois-Xavier},
  ee = {http://dx.doi.org/10.1007/978-3-540-85893-5_1},
  interhash = {f706bbe03b79b70a40a95ed4e1734308},
  intrahash = {8a26f26c53632bbd3506f117e452a2cb},
  isbn = {978-3-540-85892-8},
  keywords = {dblp},
  pages = {1-16},
  publisher = {Springer},
  series = {Lecture Notes in Computer Science},
  timestamp = {2008-09-06T11:34:12.000+0200},
  title = {Malicious Code on Java Card Smartcards: Attacks and Countermeasures.},
  url = {http://dblp.uni-trier.de/db/conf/cardis/cardis2008.html#MostowskiP08},
  volume = 5189,
  year = 2008
}
@inproceedings{Barbu:2011:JCO:2188509.2188535,
 author = {Barbu, Guillaume and Duc, Guillaume and Hoogvorst, Philippe},
 title = {Java Card Operand Stack: Fault Attacks, Combined Attacks and Countermeasures},
 booktitle = {Proceedings of the 10th IFIP WG 8.8/11.2 International Conference on Smart Card Research and Advanced Applications},
 series = {CARDIS'11},
 year = {2011},
 isbn = {978-3-642-27256-1},
 location = {Leuven, Belgium},
 pages = {297--313},
 numpages = {17},
 url = {http://dx.doi.org/10.1007/978-3-642-27257-8_19},
 doi = {10.1007/978-3-642-27257-8_19},
 acmid = {2188535},
 publisher = {Springer-Verlag},
 address = {Berlin, Heidelberg},
 keywords = {Java card, combined attack, countermeasures, fault attack, logical attacks},
} 

@incollection{lancia1,
year={2013},
isbn={978-3-642-37287-2},
booktitle={Smart Card Research and Advanced Applications},
volume={7771},
series={Lecture Notes in Computer Science},
editor={Mangard, Stefan},
doi={10.1007/978-3-642-37288-9_3},
title={Java Card Combined Attacks with Localization-Agnostic Fault Injection},
url={http://dx.doi.org/10.1007/978-3-642-37288-9_3},
publisher={Springer Berlin Heidelberg},
author={Lancia, Julien},
pages={31-45},
language={English}
}
@inproceedings{conf/cardis/BarbuTG10,
  added-at = {2010-07-21T15:57:18.000+0200},
  author = {Barbu, Guillaume and Thiebeauld, Hugues and Guerin, Vincent},
  biburl = {http://www.bibsonomy.org/bibtex/2a34986b616afe97f818502810700891f/dblp},
  booktitle = {CARDIS},
  crossref = {conf/cardis/2010},
  date = {2010-04-14},
  editor = {Gollmann, Dieter and Lanet, Jean-Louis and Iguchi-Cartigny, Julien},
  ee = {http://dx.doi.org/10.1007/978-3-642-12510-2_11},
  interhash = {d61e3c2242c75e6a986027bfd2c855ef},
  intrahash = {a34986b616afe97f818502810700891f},
  isbn = {978-3-642-12509-6},
  keywords = {dblp},
  pages = {148-163},
  publisher = {Springer},
  series = {Lecture Notes in Computer Science},
  timestamp = {2010-07-21T15:57:19.000+0200},
  title = {Attacks on Java Card 3.0 Combining Fault and Logical Attacks.},
  url = {http://dblp.uni-trier.de/db/conf/cardis/cardis2010.html#BarbuTG10},
  volume = 6035,
  year = 2010
}


@incollection{jic1,
year={2011},
isbn={978-3-642-27256-1},
booktitle={Smart Card Research and Advanced Applications},
volume={7079},
series={Lecture Notes in Computer Science},
editor={Prouff, Emmanuel},
doi={10.1007/978-3-642-27257-8_18},
title={Combined Software and Hardware Attacks on the Java Card Control Flow},
url={http://dx.doi.org/10.1007/978-3-642-27257-8_18},
publisher={Springer Berlin Heidelberg},
keywords={Java Card; control flow; laser; Java Card Stack; attack},
author={Bouffard, Guillaume and Iguchi-Cartigny, Julien and Lanet, Jean-Louis},
pages={283-296},
language={English}
}
